<record><leader>00000cas a2200000 a 4500</leader><controlfield tag="001">10014808</controlfield><controlfield tag="008">831014d18571900nyudn ne      0    0eng c</controlfield><datafield ind1=" " ind2=" " tag="010"><subfield code="a">sn 83031871 </subfield></datafield><datafield ind1=" " ind2=" " tag="040"><subfield code="a">NPU</subfield><subfield code="b">eng</subfield><subfield code="c">NPU</subfield><subfield code="d">DLC</subfield><subfield code="d">NPA</subfield><subfield code="d">NPX</subfield><subfield code="d">NYS</subfield><subfield code="d">CNW</subfield><subfield code="d">MGN</subfield><subfield code="d">NVF</subfield><subfield code="d">FUG</subfield><subfield code="d">CRL</subfield><subfield code="d">NYS</subfield><subfield code="d">UKMGB</subfield><subfield code="d">OCLCQ</subfield><subfield code="d">OCLCF</subfield><subfield code="d">OCLCO</subfield></datafield><datafield ind1="7" ind2=" " tag="016"><subfield code="a">013914638</subfield><subfield code="2">Uk</subfield></datafield><datafield ind1="1" ind2=" " tag="029"><subfield code="a">AU@</subfield><subfield code="b">000003027114</subfield></datafield><datafield ind1=" " ind2=" " tag="042"><subfield code="a">pcc</subfield></datafield><datafield ind1=" " ind2=" " tag="043"><subfield code="a">n-us-ny</subfield></datafield><datafield ind1="0" ind2="0" tag="050"><subfield code="a">Newspaper 8829-X</subfield></datafield><datafield ind1="0" ind2="0" tag="245"><subfield code="a">Utica morning herald and daily gazette.</subfield></datafield><datafield ind1="1" ind2="6" tag="246"><subfield code="a">Utica morning herald &amp; gazette</subfield></datafield><datafield ind1="1" ind2="6" tag="246"><subfield code="a">Utica morning herald and gazette</subfield></datafield><datafield ind1=" " ind2=" " tag="260"><subfield code="a">Utica, N.Y. :</subfield><subfield code="b">Ellis H. Roberts,</subfield><subfield code="c">1857-1900.</subfield></datafield><datafield ind1=" " ind2=" " tag="300"><subfield code="a">43 v. ;</subfield><subfield code="c">64-66 cm.</subfield></datafield><datafield ind1=" " ind2=" " tag="310"><subfield code="a">Daily (except Sunday)</subfield></datafield><datafield ind1="0" ind2=" " tag="362"><subfield code="a">Vol. 10, no. 75 (Jan. 30, 1857)-v. 52, no. 115 (Mar. 14, 1900).</subfield></datafield><datafield ind1=" " ind2=" " tag="500"><subfield code="a">Publishers: Ellis H. Roberts, 1857-Nov. 30, 1872; Ellis H. Roberts &amp; Co., Dec. 2, 1872-&lt;Feb. 15, 1881&gt;</subfield></datafield><datafield ind1=" " ind2=" " tag="500"><subfield code="a">Republican.</subfield></datafield><datafield ind1=" " ind2=" " tag="530"><subfield code="a">Also issued on microfilm from UMI.</subfield></datafield><datafield ind1=" " ind2=" " tag="580"><subfield code="a">Weekly eds.: Oneida weekly herald and gazette and courier, Feb. 3, 1857-Dec. 15, 1863, and: Utica weekly herald and gazette and courier, Dec. 22, 1863-May 26, 1896.</subfield></datafield><datafield ind1=" " ind2=" " tag="580"><subfield code="a">Printers went on strike and began: Press (Utica, N.Y.), Mar. 13, 1882.</subfield></datafield><datafield ind1=" " ind2=" " tag="580"><subfield code="a">Merged with Utica evening dispatch to form Utica herald-dispatch and daily gazette.</subfield></datafield><datafield ind1=" " ind2="0" tag="651"><subfield code="a">Utica (N.Y.)</subfield><subfield code="v">Newspapers.</subfield></datafield><datafield ind1=" " ind2="0" tag="651"><subfield code="a">Oneida County (N.Y.)</subfield><subfield code="v">Newspapers.</subfield></datafield><datafield ind1=" " ind2="7" tag="655"><subfield code="a">Newspapers.</subfield><subfield code="2">fast</subfield><subfield code="0">(OCoLC)fst01423814</subfield></datafield><datafield ind1=" " ind2="7" tag="651"><subfield code="a">New York (State)</subfield><subfield code="z">Oneida County.</subfield><subfield code="2">fast</subfield><subfield code="0">(OCoLC)fst01209049</subfield></datafield><datafield ind1=" " ind2="7" tag="651"><subfield code="a">New York (State)</subfield><subfield code="z">Utica.</subfield><subfield code="2">fast</subfield><subfield code="0">(OCoLC)fst01207805</subfield></datafield><datafield ind1=" " ind2=" " tag="752"><subfield code="a">United States</subfield><subfield code="b">New York</subfield><subfield code="c">Oneida</subfield><subfield code="d">Utica.</subfield></datafield><datafield ind1="1" ind2=" " tag="775"><subfield code="t">Oneida weekly herald and gazette and courier</subfield><subfield code="w">(DLC)sn 83031883</subfield><subfield code="w">(OCoLC)10014893</subfield></datafield><datafield ind1="1" ind2=" " tag="775"><subfield code="t">Utica weekly herald and gazette and courier</subfield><subfield code="w">(DLC)sn 86053206</subfield><subfield code="w">(OCoLC)13350705</subfield></datafield><datafield ind1="0" ind2="4" tag="780"><subfield code="t">Utica morning herald</subfield><subfield code="w">(DLC)sn 84031498</subfield><subfield code="w">(OCoLC)2269114</subfield></datafield><datafield ind1="0" ind2="4" tag="780"><subfield code="t">Utica daily gazette</subfield><subfield code="w">(DLC)sn 83031870</subfield><subfield code="w">(OCoLC)10010959</subfield></datafield><datafield ind1="1" ind2="1" tag="785"><subfield code="t">Press (Utica, N.Y.)</subfield><subfield code="w">(DLC)sn 86091474</subfield><subfield code="w">(OCoLC)13656799</subfield></datafield><datafield ind1="1" ind2="7" tag="785"><subfield code="t">Utica evening dispatch</subfield><subfield code="w">(DLC)sn 91066121</subfield><subfield code="w">(OCoLC)22964499</subfield></datafield><datafield ind1="1" ind2="7" tag="785"><subfield code="t">Utica herald-dispatch and daily gazette</subfield><subfield code="w">(DLC)sn 84035909</subfield><subfield code="w">(OCoLC)11485873</subfield></datafield></record>